% Encoding: UTF-8

@Article{CABRAL,
  author    = {Armanda Cabral},
  title     = {A importância do Inglês no Mundo Atual},
  journal   = {PROFFORMA},
  year      = {2014},
  volume    = {5},
  number    = {13},
  pages     = {1-2},
  timestamp = {2016-10-17},
}

@Article{FERREIRA,
  author  = {Jorge Brantes Ferreira and Jorge Ferreira da Silva and Helga Campos and Maria Luíza A. de Carvalho and Angilberto Sabino de Freitas and Amarolinda Saccol and Eliane Schlemmer},
  title   = {A Disseminação da Aprendizagem com Mobilidade (M-learning)},
  journal = {DataGramaZero: Rio de Janeiro},
  year    = {2012},
  volume  = {13},
  number  = {4},
}

@InCollection{CARVALHO,
  author    = {Ana Amélia Amorim Carvalho},
  title     = {Mobile-learning: Rentabilizar os Dispositivos Móveis dos Alunos para Aprender},
  booktitle = {Aprender na Era Digital: Jogos e Mobile-Learning},
  publisher = {Lisboa: De Facto editores},
  year      = {2012},
  volume    = {1},
  number    = {1},
  pages     = {149-164},
  isbn      = {978-9898557087},
}

@Book{ZICHERMANN,
  title     = {Gamification by design: implementing game mechanics in web and mobile apps},
  publisher = {O’Reilly Media, Inc.},
  year      = {2011},
  author    = {Gabe Zichermann and Christopher Cunningham},
  volume    = {1},
  number    = {1},
  edition   = {1},
  isbn      = {978-1449397678},
  pages     = {182},
}

@Article{LAW,
  author  = {Foong Li Law and Zarinah Mohd Kasirun and Chun Kiat Gan},
  title   = {Gamification Towards Sustainable Mobile Application},
  journal = {5th Malaysian Conference in Software Engineering},
  year    = {2011},
  pages   = {349-353},
  isbn    = {978-1457715310},
}

@Periodical{BROWN,
  title   = {Can you hear me now?},
  year    = {2010},
  volume  = {1},
  number  = {1},
  author  = {Judy Brown},
  journal = {American Society for Training and Development},
  pages   = {28-30},
}

@Book{PRENSKY2010,
  title     = {Teaching Digital Natives: Partnering for Real Learning},
  publisher = {Corwin Press},
  year      = {2010},
  author    = {Marc Prensky},
  volume    = {1},
  number    = {1},
  edition   = {1},
  isbn      = {978-1412975414},
  pages     = {224},
}

@Article{MARCAL,
  author  = {Edgar Marçal and Raniery Santos and Creto Vidal and Rossana Andrade and Riverson Rios},
  title   = {MuseuM: Uma Aplicação de m-learning com Realidade Virtual},
  journal = {XXV Congresso da Sociedade Brasileira de Computação},
  year    = {2005},
  pages   = {1902-1913},
}

@Article{TAROUCO,
  author  = {Liane Tarouco},
  title   = {CESTA – Coletânea de Entidades de Suporte ao uso de Tecnologia na Aprendizagem},
  journal = {I Seminário internacional sobre o uso de objetos de aprendizagem. São Paulo: Escola do Futuro/USP.},
  year    = {2004},
  volume  = {1},
  number  = {1},
}

@Article{PRENSKY2001,
  author  = {Marc Prensky},
  title   = {Nativos Digitais Imigrantes Digitais},
  journal = {On the Horizon (MCB University Press)},
  year    = {2001},
  volume  = {9},
  number  = {5},
  pages   = {1-6},
  issn    = {1074-8121},
}

@Book{WERBACH,
  title     = {For the Win: How Game Thinking Can Revolutionize Your Business},
  publisher = {Wharton Digital Press},
  year      = {2012},
  author    = {Kevin Werbach and Dan Hunter},
  volume    = {1},
  number    = {1},
  edition   = {1},
  isbn      = {978-1613630235},
  pages     = {148},
}

@Article{GRIGOLETTO,
  author  = {Marisa Grigoletto},
  title   = {Língua Estrangeira e Identidade: Discursos sobre as Línguas, Processos Subjetivos e Efeitos de Fronteira},
  journal = {Entremeios},
  year    = {2010},
  volume  = {1},
  number  = {1},
  pages   = {8},
  issn    = {2179-3514},
}

@Article{JUNGLES,
  author  = {Charlene Karine Jungles and Regiane Orlovski},
  title   = {A Importância da Informática na Educação},
  journal = {Revista Científica Semana Acadêmica},
  year    = {2013},
  volume  = {1},
  number  = {1},
  issn    = {2236-6717},
}

@MastersThesis{ROCHA,
  author = {Cláudia Hilsdorf Rocha},
  title  = {Provisões para Ensinar LE no Ensino Fundamental de 1ª a 4ª Séries: dos Parâmetros Oficiais e Objetivos dos Agentes.},
  school = {Universidade Estadual de Campinas, Campinas/SP},
  year   = {2006},
  type   = {Mestrado em Linguística Aplicada},
}

@Book{VIANNA,
  title     = {Gamification, Inc. Como reinventar empresas a partir de jogos.},
  publisher = {MJV Press},
  year      = {2013},
  author    = {Mauricio Vianna and Ysmar Vianna and Bruno Medina and Samara Tanaka},
  volume    = {1},
  number    = {1},
  edition   = {1},
  isbn      = {9788565424080},
  pages     = {120},
}

@Book{SCHELL,
  title        = {The Art of Game Design: A Book of Lenses},
  publisher    = {Morgan Kaufmann Publishers},
  year         = {2008},
  author       = {Jesse Schell},
  volume       = {1},
  number       = {1},
  edition      = {1},
  howpublished = {Vídeo},
  isbn         = {978-0123694966},
  pages        = {489},
}

@Article{BARTLE,
  author  = {Richard Allan Bartle},
  title   = {Hearts, Clubs, Diamonds, Spades: Players Who Suit MUDs},
  journal = {Journal of MUD Research},
  year    = {1996},
  volume  = {1},
  number  = {1},
  pages   = {19},
}

@Book{KAPP,
  title     = {The Gamification of Learning and instruction Fieldbook - Ideas into Practice},
  publisher = {Willey},
  year      = {2014},
  author    = {K. M. Kapp and L. Blair and R. Mesch},
  volume    = {1},
  number    = {1},
  edition   = {1},
  isbn      = {978-1118674437},
  pages     = {480},
}

@Book{SILVAMENEZES,
  title     = {Metodologia da Pesquisa e Elaboração de Dissertação.},
  publisher = {Florianopolis: UFSC},
  year      = {2005},
  author    = {Edna Lúcia da Silva and Estera Muszkat Menezes},
  volume    = {1},
  number    = {1},
  edition   = {4},
  pages     = {139},
}

@Book{GIL,
  title     = {Metodos e Técnicas de Pesquisa Social},
  publisher = {São Paulo: Atlas},
  year      = {2008},
  author    = {Antonio Carlos Gil},
  volume    = {1},
  number    = {1},
  edition   = {6},
  isbn      = {8522451427},
  pages     = {200},
}

@Book{VERGARA,
  title     = {Projetos e relatórios de pesquisa em administração},
  publisher = {Atlas},
  year      = {2007},
  author    = {Sylvia Constant Vergara},
  volume    = {1},
  number    = {1},
  edition   = {9},
  isbn      = {8522448981},
  pages     = {92},
}

@Book{PREECE,
  title     = {A Guide to Usability: Human Factors in Computing},
  publisher = {Reino Unido: Addison Wesley.},
  year      = {1993},
  author    = {Jenny Preece},
  volume    = {1},
  number    = {1},
  isbn      = {978-0201627688},
  pages     = {144},
}

@Book{NIELSEN,
  title     = {Usability Engineering},
  publisher = {Morgan Kaufmann},
  year      = {1993},
  author    = {Jakob Nielsen},
  volume    = {1},
  number    = {1},
  edition   = {1},
  isbn      = {978-0125184069},
  pages     = {362},
}

@InCollection{BROOKE,
  author    = {John Brooke},
  title     = {SUS - A Quick and Dirty Usability Scale},
  booktitle = {Usability Evaluation in Industry},
  publisher = {Taylor and Francis},
  year      = {1996},
  volume    = {1},
  number    = {1},
  pages     = {189-194},
  isbn      = {978-0748404605},
}

@Article{TENORIO,
  author  = {Josceli Maria Tenório},
  title   = {Desenvolvimento e Avaliação de um Protocolo Eletrônico para Atendimento e Monitoramento do Paciente com Doença Celíaca},
  journal = {Revista de Informática Teórica e Aplicada},
  year    = {2010},
  volume  = {17},
  number  = {2},
  pages   = {210-220},
}

@Article{BANGOR,
  author  = {Aaron Bangor and Philip Kortum and James Miller},
  title   = {Determining What Individual SUS Scores Mean: Adding an Adjective Rating Scale.},
  journal = {Journal of Usability Studies},
  year    = {2009},
  volume  = {4},
  number  = {3},
  pages   = {114-123},
  issn    = {1931-3357},
}

@Article{NIELSEN2,
  author  = {Jakob Nielsen and Thomas K. Landauer},
  title   = {A Mathematical Model of the Finding of Usability Problems},
  journal = {Conference on Human Factors in Computing Systems},
  year    = {1993},
  volume  = {1},
  number  = {1},
  pages   = {206-213},
  isbn    = {089-7915755},
}

@InBook{EF,
  pages        = {68},
  title        = {Índice de Proficiência em Inglês},
  publisher    = {Education Fist},
  year         = {2015},
  author       = {EF},
  volume       = {5},
  number       = {1},
  organization = {Education Fist},
}

@Article{LIKERT,
  author  = {Severino Domingos da Silva Júnior and Francisco Jose Costa},
  title   = {Mensuração e Escalas de Verificação: uma Análise Comparativa das Escalas de Likert e Phrase Completion},
  journal = {Revista Brasileira de Pesquisas de Marketing, Opinião e Mídia},
  year    = {2014},
  volume  = {15},
  number  = {1},
  pages   = {1-16},
  issn    = {2317-0123},
}

@Book{ALVES,
  title     = {Gamification: Como Criar Experiências de Aprendizagem Engajadoras: Um Guia Completo do Conceito à Prática.},
  publisher = {São Paulo: DVS editora},
  year      = {2014},
  author    = {Flora Alves},
  volume    = {1},
  number    = {1},
  isbn      = {978-8582890882},
  pages     = {176},
}

@Article{MORAES,
  author  = {José Maria Bueno de Moraes Júnior and Lindomar Gomes dos Santos and Gislene Nunes Moreira and Keilla Rosa Simão Cordeiro and Wagner Bandeira da Silva},
  title   = {TLearning: Aplicativo para o ensino de Língua Inglesa},
  journal = {Simpósio Internacional de Educação a Distância},
  year    = {2016},
  volume  = {1},
  number  = {1},
  pages   = {22},
  issn    = {2316-8722},
}

@TechReport{FGV,
  author      = {Fernando S Meirelles},
  title       = {Pesquisa Anual do Uso de TI},
  institution = {Fundação Getulio Vargas},
  year        = {2016},
  number      = {1},
  volume      = {27},
}

@TechReport{INEP,
  author      = {INEP},
  title       = {Censo da educação superior 2013},
  institution = {INEP},
  year        = {2013},
  address     = {Brasília},
}

@TechReport{IDC,
  author      = {IDC},
  title       = {Worldwide Quarterly Mobile Phone Tracker},
  institution = {International Data Corporation},
  year        = {2013},
  address     = {Framingham},
}

@Book{BOOKS1,
  title     = {Software Development Process: Waterfall Model, Computer Programming, Extreme Programming, Capability Maturity Model, Software Testing, Software Architecture, Code and Fix, Revision Control, Spiral Model, Iterative and Incremental Development},
  publisher = {General Books},
  year      = {2011},
  author    = {Books LLC},
  volume    = {1},
  number    = {1},
  isbn      = {978-1156607671},
  pages     = {168},
}

@Comment{jabref-meta: databaseType:bibtex;}
